<record><leader>00000cas a22000007a 4500</leader><controlfield tag="001">6207288</controlfield><controlfield tag="008">800415d19021904mtumr nea     0   a0eng d</controlfield><datafield ind1=" " ind2=" " tag="010"><subfield code="a">sn 86075136 </subfield></datafield><datafield ind1=" " ind2=" " tag="040"><subfield code="a">CLU</subfield><subfield code="b">eng</subfield><subfield code="c">CLU</subfield><subfield code="d">UCU</subfield><subfield code="d">MTL</subfield><subfield code="d">SLZ</subfield><subfield code="d">OCLCQ</subfield><subfield code="d">OCLCF</subfield><subfield code="d">OCLCO</subfield></datafield><datafield ind1=" " ind2=" " tag="042"><subfield code="a">msc</subfield></datafield><datafield ind1=" " ind2=" " tag="043"><subfield code="a">n-us-mt</subfield></datafield><datafield ind1="0" ind2="0" tag="245"><subfield code="a">American Labor Union journal</subfield><subfield code="h">[microform].</subfield></datafield><datafield ind1=" " ind2=" " tag="260"><subfield code="a">Butte, Mont. :</subfield><subfield code="b">American Labor Union</subfield></datafield><datafield ind1=" " ind2=" " tag="300"><subfield code="a">2 v.</subfield></datafield><datafield ind1=" " ind2=" " tag="310"><subfield code="a">Monthly,</subfield><subfield code="b">July-Dec. 1904</subfield></datafield><datafield ind1=" " ind2=" " tag="321"><subfield code="a">Weekly,</subfield><subfield code="b">&lt;Oct. 16&gt;, 1902-Jun 2, 1904</subfield></datafield><datafield ind1="1" ind2=" " tag="362"><subfield code="a">Began in 1902.</subfield></datafield><datafield ind1="0" ind2=" " tag="362"><subfield code="a">-v. 2, no. 41 (Dec. 1904).</subfield></datafield><datafield ind1=" " ind2=" " tag="588"><subfield code="a">Description based on: Vol. 1, no. 2 (Oct. 16, 1902).</subfield></datafield><datafield ind1=" " ind2="0" tag="651"><subfield code="a">Butte (Mont.)</subfield><subfield code="v">Newspapers.</subfield></datafield><datafield ind1=" " ind2="7" tag="655"><subfield code="a">Newspapers.</subfield><subfield code="2">fast</subfield><subfield code="0">(OCoLC)fst01423814</subfield></datafield><datafield ind1=" " ind2="7" tag="651"><subfield code="a">Montana</subfield><subfield code="z">Butte.</subfield><subfield code="2">fast</subfield><subfield code="0">(OCoLC)fst01213861</subfield></datafield><datafield ind1="2" ind2=" " tag="710"><subfield code="a">American Labor Union.</subfield></datafield><datafield ind1=" " ind2=" " tag="752"><subfield code="a">United States</subfield><subfield code="b">Montana</subfield><subfield code="c">Silver Bow</subfield><subfield code="d">Butte.</subfield></datafield><datafield ind1="1" ind2="7" tag="785"><subfield code="t">Railway employees' journal</subfield></datafield><datafield ind1="1" ind2="7" tag="785"><subfield code="t">Voice of labor</subfield><subfield code="w">(OCoLC)6207229</subfield></datafield></record>